
@article{baydin:2018:automatic,
  title={Automatic differentiation in machine learning: {A} survey},
  author={Baydin, A. and Pearlmutter, B. and Radul, A. and Siskind, J.},
  journal={Journal of Machine Learning Research},
  volume={18},
  year={2018},
  publisher={Journal of Machine Learning Research}
}

@book{nocedal:2006:numerical,
  title={Numerical Optimization},
  author={Nocedal, J. and Wright, S.},
  year={2006},
  publisher={Springer Science \& Business Media}
}

@article{gustafson:1996:marginal,
  title={Local sensitivity of inferences to prior marginals},
  author={Gustafson, P.},
  journal={Journal of the American Statistical Association},
  volume={91},
  number={434},
  pages={774--781},
  year={1996},
  publisher={Taylor \& Francis}
}

%%%%%%%%%%%%%%%%%%%%%%%%%%
% Dirichlet processes
%%%%%%%%%%%%%%%%%%%%%%%%%%

@article{ferguson:1973:bayesian,
  title={A {B}ayesian analysis of some nonparametric problems},
  author={Ferguson, T. S.},
  journal={The Annals of Statistics},
  pages={209--230},
  year={1973},
  publisher={JSTOR}
}

@article{sethuraman:1994:constructivedp,
  title={A constructive definition of {D}irichlet priors},
  author={Sethuraman, J.},
  journal={Statistica sinica},
  pages={639--650},
  year={1994},
  publisher={JSTOR}
}

@misc{jordan:2015:gentleintrodp,
  title={A Gentle Introduction to the {D}irichlet Process, the Beta Process and {B}ayesian Nonparametrics},
  author={Jordan, M. I. and Teh, Y. W.},
  year={2015},
  url = {http://www.stats.ox.ac.uk/~teh/outbox/jordan-teh.pdf}
}

@misc{stanford:2014:bnphw,
    author = {Stanford},
    title = {Stanford Stat 362: Bayesian Nonparametrics Spring 2014},
    year = 2014,
    url = {https://web.stanford.edu/class/stats362/hw1sol.pdf},
    note = {Accessed: 2021-04-01}
}

@incollection{basu:1996:local,
  title={Local posterior robustness with parametric priors: Maximum and average sensitivity},
  author={Basu, S. and Jammalamadaka, S. R. and Liu, W.},
  booktitle={Maximum Entropy and {Bayesian} Methods},
  pages={97--106},
  year={1996},
  publisher={Springer}
}


@book{dudley:2018:real,
  title={Real analysis and probability},
  author={Dudley, R.},
  year={2018},
  publisher={CRC Press}
}

@book{luenberger:1997:optimization,
  title={Optimization by vector space methods},
  author={Luenberger, D.},
  year={1997},
  publisher={John Wiley \& Sons}
}

@article{gustafson:1996:local,
  title={Local sensitivity of posterior expectations},
  author={Gustafson, P.},
  journal={Annals of Statistics},
  volume={24},
  number={1},
  pages={174--195},
  year={1996},
  publisher={Institute of Mathematical Statistics}
}

@book{krantz:2012:implicit,
  title={The implicit function theorem: {H}istory, theory, and applications},
  author={Krantz, S. and Parks, H.},
  year={2012},
  publisher={Springer Science \& Business Media}
}

@article{averbukh:1967:theory,
  title={The theory of differentiation in linear topological spaces},
  author={Averbukh, V. and Smolyanov, O.},
  journal={Russian Mathematical Surveys},
  volume={22},
  number={6},
  pages={201--258},
  year={1967}
}


@phdthesis{reeds:1976:thesis,
  title={On the definition of von {Mises} functionals},
  author={Reeds, J.},
  year={1976},
  school={Statistics, Harvard University}
}


@book{zeidler:2013:functional,
  title={Nonlinear Functional Analysis and Its Applications {I}: {F}ixed point theorems},
  author={Zeidler, E.},
  year={1986},
  publisher={Springer Verlag New York, Inc.}
}

@article{giordano:2018:covariances,
  title={Covariances, robustness and variational {B}ayes},
  author={Giordano, R. and Broderick, T. and Jordan, M.},
  journal={Journal of machine learning research},
  volume={19},
  number={51},
  year={2018}
}

@book{fleming:2012:functions,
  title={Functions of several variables},
  author={Fleming, W.},
  year={2012},
  publisher={Springer Science \& Business Media}
}

%%%%%%%%%%%%%%%%%
% variational inference
%%%%%%%%%%%%%%%%%
@article{jordan:1999:vi,
author = {Jordan, M. I. and Ghahramani, Z. and Jaakkola, T. I. and Saul, L. K.},
year = {1999},
pages = {183-233},
title = {An Introduction to Variational Methods for Graphical Models},
volume = {37},
journal = {Machine Learning},
}

@article{wainwright:2008:graphical_models,
author = {Wainwright, M. J. and Jordan, M. I.},
title = {Graphical Models, Exponential Families, and Variational Inference},
year = {2008},
issue_date = {January 2008},
publisher = {Now Publishers Inc.},
address = {Hanover, MA, USA},
volume = {1},
number = {1–2},
journal = {Foundations and Trends in Machine Learning},
pages = {1–305},
numpages = {305}
} % month = jan,

@article{blei:2017:vi_review,
  title={Variational Inference: A Review for Statisticians},
  volume={112},
  number={518},
  journal={Journal of the American Statistical Association},
  publisher={Informa UK Limited},
  author={Blei, D. M. and Kucukelbir, A. and McAuliffe, J. D.},
  year={2017},
  pages={859–877}
}% month=feb,


@article{kucukelbir:2016:advi,
  title={Automatic differentiation variational inference},
  author={Kucukelbir, A. and Tran, D. and Ranganath, R. and Gelman, A. and Blei, D.},
  journal={arXiv preprint arXiv:1603.00788},
  year={2016}
}

@article{blei:2006:vi_for_dp,
author = {D. M. Blei and M. I. Jordan},
title = {{Variational inference for Dirichlet process mixtures}},
volume = {1},
journal = {Bayesian Analysis},
number = {1},
publisher = {International Society for Bayesian Analysis},
pages = {121 -- 143},
keywords = {Bayesian computation, Dirichlet processes, hierarchical models, image processing, variational inference},
year = {2006}
}

@Book{bishop:2006:PRML,
  author = 	 "C. M. Bishop",
  title = 	 "Pattern Recognition and Machine Learning",
  publisher = 	 "Springer",
  year = 	 "2006",
}

%%%%%%%%%%%%%%%%%%%%%%
% IRIS dataset
%%%%%%%%%%%%%%%%%%%%%%
 @article{anderson:1936:iris,
  author = {E. Anderson},
  journal = {Annals of the Missouri Botanical Garden},
  number = {3},
  pages = {457--509},
  publisher = {Missouri Botanical Garden Press},
  title = {The Species Problem in Iris},
  volume = {23},
  year = {1936}
 }

@article{fisher:1936:iris,
 title={The use of multiple measurements in taxonomic problems},
 author={Fisher, R.},
 journal={Annals of eugenics},
 volume={7},
 number={2},
 pages={179--188},
 year={1936},
 publisher={Wiley Online Library},
}

%%%%%%%%%%%%%%%%%
% mice experiments
%%%%%%%%%%%%%%%%%
@article{shoemaker:2015:ultrasensitive,
journal = {PLoS Pathogens},
number = {6},
pages = {1--25},
title = {An Ultrasensitive Mechanism Regulates Influenza Virus-Induced
Inflammation},
author = {Shoemaker, J. E. and Fukuyama, S. and Eisfeld, A. J.
    and others},
volume = {11},
year = {2015}
}

@article{Luan:2003:clustering,
author = {Luan, Y. and Li, H.},
number = {4},
journal={Bioinformatics},
pages = {474--482},
title = {{Clustering of time-course gene expression data using a mixed-effects model with B-splines}},
volume = {19},
year = {2003}
}

@article{Storey:2005:significance,
author = {Storey, J. D. and Xiao, W. and Leek, J. T. and Tompkins, R. G. and Davis, R. W.},
journal = {Proceedings of the National Academy of Sciences of the United States of America},
number = {36},
pages = {12837--42},
title = {{Significance analysis of time course microarray experiments.}},
volume = {102},
year = {2005}
}


% spectral Clustering
@article{luxburg:2007:spectralcluster,
author = {U. von Luxburg},
title = {A tutorial on spectral clustering},
journal = {Statistics and Computing},
volume = 17,
pages = {395--416},
year = 2007
}

%%%%%%%%%%%%%%%%%
% structure
%%%%%%%%%%%%%%%%%
@article {pritchard:2000:structure,
	author = {Pritchard, J. K. and Stephens, M. and Donnelly, P.},
	title = {Inference of Population Structure Using Multilocus Genotype Data},
	volume = {155},
	number = {2},
	pages = {945--959},
	year = {2000},
	publisher = {Genetics},
	journal = {Genetics}
}

@article {raj:2014:faststructure,
	author = {Raj, A. and Stephens, M. and Pritchard, J. K.},
	title = {fast{STRUCTURE}: Variational Inference of Population Structure in Large {SNP} Data Sets},
	volume = {197},
	number = {2},
	pages = {573--589},
	year = {2014},
	publisher = {Genetics},
	journal = {Genetics}
}

@article{galbusera:2000:thrush,
author = {Galbusera, P. and Lens, L. and Schenck, T. and Waiyaki, E. and Matthysen, E.},
year = {2000},
pages = {45-55},
title = {Genetic variability and gene flow in the globally, critically-endangered Taita Thrush},
volume = {1},
journal = {Conservation Genetics},
}


% HDPs
@article{teh:2006:hdp,
author = {Y. W. Teh and M. I. Jordan and M. J. Beal and D. M. Blei},
title = {Hierarchical {D}irichlet Processes},
journal = {Journal of the American Statistical Association},
volume = {101},
number = {476},
pages = {1566-1581},
year  = {2006},
publisher = {Taylor & Francis},
}



%%%%%%%%%%%%%%%%%
% python packages
%%%%%%%%%%%%%%%%%
@Misc{scipy,
  author =    {Jones, E. and Oliphant, T. and Peterson, P. and others},
  title =     {{SciPy}: Open source scientific tools for {Python}},
  year =      {2001},
  url = "http://www.scipy.org/"
}

@software{jax2018github,
  author = {J. Bradbury and R. Frostig and P. Hawkins and others},
  title = {{JAX}: composable transformations of {P}ython+{N}um{P}y programs},
  url = {http://github.com/google/jax},
  version = {0.2.5},
  year = {2018},
}

@book{billingsley:1986:probability,
  title                    = {Probability and Measure},
  author                   = {Billingsley, P.},
  publisher                = {John Wiley and Sons},
  year                     = {1986},
  edition                  = {Second}
}


@book{serfling:2009:approximation,
  title={Approximation Theorems of Mathematical Statistics},
  author={Serfling, R.},
  volume={162},
  year={2009},
  publisher={John Wiley \& Sons}
}



@book{nielsen:1997:measure,
  title={An introduction to integration and measure theory},
  author={Nielsen, O.},
  volume={17},
  year={1997},
  publisher={Wiley-Interscience}
}

%%%%%%%%%%%%%%%%%%%%%%%%%%%%%%
% reparameterization trick
%%%%%%%%%%%%%%%%%%%%%%%%%%%%%%
@misc{kingma2013autoencoding,
    title={Auto-Encoding Variational {B}ayes},
    author={Diederik P. Kingma and Max Welling},
    year={2013},
    eprint={1312.6114},
    archivePrefix={arXiv},
    primaryClass={stat.ML},
    note={\url{https://arxiv.org/abs/1312.6114}}
}
@misc{rezende2014stochastic,
    title={Stochastic Backpropagation and Approximate Inference in Deep Generative Models},
    author={Danilo Jimenez Rezende and Shakir Mohamed and Daan Wierstra},
    year={2014},
    eprint={1401.4082},
    archivePrefix={arXiv},
    primaryClass={stat.ML},
    note={\url{https://arxiv.org/abs/1401.4082}}
}
